###PROBLEM-SOLVING###
@article{gentner1983structure,
  title={Structure-mapping: A theoretical framework for analogy},
  author={Gentner, Dedre},
  journal={Cognitive science},
  volume={7},
  number={2},
  pages={155--170},
  year={1983},
  publisher={Elsevier}
}

@article{Gentner2010,
author = {Gentner, Dedre},
doi = {10.1111/j.1551-6709.2010.01114.x},
issn = {03640213},
journal = {Cognitive Science},
keywords = {Analogical learning,Bootstrapping,Cognitive development,Language and cognition,Structure‚Äêmapping},
month = {jul},
number = {5},
pages = {752--775},
publisher = {Blackwell Publishing Ltd},
title = {{Bootstrapping the Mind: Analogical Processes and Symbol Systems}},
volume = {34},
year = {2010}
}

@article{gick1980analogical,
  title={Analogical problem solving},
  author={Gick, Mary L and Holyoak, Keith J},
  journal={Cognitive psychology},
  volume={12},
  number={3},
  pages={306--355},
  year={1980},
  publisher={Elsevier}
}

@article{Green2016,
author = {Green, Adam E.},
doi = {10.1177/0963721415618485},
issn = {0963-7214},
journal = {Current Directions in Psychological Science},
keywords = {analogy,creativity,frontopolar cortex,reasoning,verb generation},
month = {feb},
number = {1},
pages = {28--35},
publisher = {SAGE PublicationsSage CA: Los Angeles, CA},
title = {{Creativity, Within Reason}},
volume = {25},
year = {2016}
}

@article{kirkpatrick1983optimization,
  title={Optimization by simulated annealing},
  author={Kirkpatrick, Scott and Gelatt, C Daniel and Vecchi, Mario P},
  journal={science},
  volume={220},
  number={4598},
  pages={671--680},
  year={1983},
  publisher={American association for the advancement of science}
}

@inproceedings{newell1962processes,
  title={The processes of creative thinking.},
  author={Newell, Allen and Shaw, J Clifford and Simon, Herbert A},
  booktitle={Contemporary Approaches to Creative Thinking, 1958, University of Colorado, CO, US; This paper was presented at the aforementioned symposium.},
  year={1962},
  organization={Atherton Press}
}

@inproceedings{roschelle1995construction,
  title={The construction of shared knowledge in collaborative problem solving},
  author={Roschelle, Jeremy and Teasley, Stephanie D},
  booktitle={Computer supported collaborative learning},
  pages={69--97},
  year={1995},
  organization={Springer}
}
@article{simon1972theories,
  title={Theories of bounded rationality},
  author={Simon, Herbert A},
  journal={Decision and organization},
  volume={1},
  number={1},
  pages={161--176},
  year={1972},
  publisher={North-Holland}
}

@incollection{Star1989,
author = {Star, Susan Leigh},
booktitle = {Distributed Artificial Intelligence},
doi = {10.1016/b978-1-55860-092-8.50006-x},
pages = {37--54},
publisher = {Elsevier},
title = {{The Structure of Ill-Structured Solutions: Boundary Objects and Heterogeneous Distributed Problem Solving}},
year = {1989}
}

@article{vanlehn1998analogy,
  title={Analogy events: How examples are used during problem solving},
  author={VanLehn, Kurt},
  journal={Cognitive Science},
  volume={22},
  number={3},
  pages={347--388},
  year={1998},
  publisher={Elsevier}
}

@article{vendetti2014far,
  title={Far-out thinking: Generating solutions to distant analogies promotes relational thinking},
  author={Vendetti, Michael S and Wu, Aaron and Holyoak, Keith J},
  journal={Psychological science},
  volume={25},
  number={4},
  pages={928--933},
  year={2014},
  publisher={Sage Publications Sage CA: Los Angeles, CA}
}

###REPRESENTATIONS & ANALYSES###
@article{Braun2006,
author = {Braun, Virginia and Clarke, Victoria},
doi = {10.1191/1478088706qp063oa},
issn = {14780887},
journal = {Qualitative Research in Psychology},
keywords = {Epistemology,Flexibility,Patterns,Qualitative psychology,Thematic analysis},
number = {2},
pages = {77--101},
title = {{Using thematic analysis in psychology}},
volume = {3},
year = {2006}
}

@book{Johnson-Laird1983,
author = {Johnson-Laird, Philip Nicholas},
edition = {No. 6},
publisher = {Harvard University Press},
title = {{Mental models: Towards a cognitive science of language, inference, and consciouness}},
year = {1983}
}

@article{Lee2009,
author = {Lee, Martin and Schwartz, Daniel L},
doi = {10.1080/07370000903221775},
issn = {0737-0008},
journal = {Cognition and Instruction},
number = {4},
pages = {370--400},
title = {{Prospective Adaptation in the Use of External Representations}},
volume = {27},
year = {2009}
}

@book{paivio1990mental,
  title={Mental representations: A dual coding approach},
  author={Paivio, Allan},
  year={1990},
  publisher={Oxford University Press}
}

@book{Torrance1966,
author = {Torrance, Ellis Paul and Ball, Orlow E. and Safter, Tammy},
publisher = {Scholastic Testing Service},
title = {{Torrance Tests of Creative Thinking}},
year = {1966}
}

@incollection{Tversky1999,
author = {Tversky, Barbara and Lee, Paul U.},
doi = {10.1007/3-540-48384-5_4},
pages = {51--64},
publisher = {Springer, Berlin, Heidelberg},
title = {{Pictorial and Verbal Tools for Conveying Routes}},
year = {1999}
}

@incollection{Tversky2009,
author = {Tversky, Barbara and Suwa, Masaki},
booktitle = {Tools for Innovation},
doi = {10.1093/acprof:oso/9780195381634.003.0004},
month = {nov},
pages = {75--84},
publisher = {Oxford University Press},
title = {{Thinking with Sketches}},
url = {http://www.oxfordscholarship.com/view/10.1093/acprof:oso/9780195381634.001.0001/acprof-9780195381634-chapter-4},
year = {2009}
}

@article{Tversky2011,
author = {Tversky, Barbara},
journal = {Topics in Cognitive Science},
number = {3},
pages = {499--535},
title = {{Visualizing Thought}},
year = {2011}
}

###EXPERTISE & LEARNING###
@article{alfieri2013learning,
  title={Learning through case comparisons: A meta-analytic review},
  author={Alfieri, Louis and Nokes-Malach, Timothy J and Schunn, Christian D},
  journal={Educational Psychologist},
  volume={48},
  number={2},
  pages={87--113},
  year={2013},
  publisher={Taylor \& Francis}
}

@article{andrade2005teaching,
  title={Teaching with rubrics: The good, the bad, and the ugly},
  author={Andrade, Heidi Goodrich},
  journal={College teaching},
  volume={53},
  number={1},
  pages={27--31},
  year={2005},
  publisher={Taylor \& Francis}
}

@article{bloom19842,
  title={The 2 sigma problem: The search for methods of group instruction as effective as one-to-one tutoring},
  author={Bloom, Benjamin S},
  journal={Educational researcher},
  volume={13},
  number={6},
  pages={4--16},
  year={1984},
  publisher={Sage Publications Sage CA: Thousand Oaks, CA}
}

@article{Burgoon2013,
author = {Burgoon, Erin M and Henderson, Marlone D and Markman, Arthur B},
doi = {10.1177/1745691613497964},
issn = {1745-6924},
journal = {Perspectives on psychological science : a journal of the Association for Psychological Science},
keywords = {abstraction,concreteness,construal,general,gist,global,representation,specificity},
month = {sep},
number = {5},
pages = {501--20},
pmid = {26173209},
publisher = {SAGE PublicationsSage CA: Los Angeles, CA},
title = {{There Are Many Ways to See the Forest for the Trees: A Tour Guide for Abstraction.}},
volume = {8},
year = {2013}
}

@article{Chase1973,
author = {Chase, William G. and Simon, Herbert A.},
doi = {10.1016/0010-0285(73)90004-2},
issn = {0010-0285},
journal = {Cognitive Psychology},
month = {jan},
number = {1},
pages = {55--81},
publisher = {Academic Press},
title = {{Perception in chess}},
url = {https://www.sciencedirect.com/science/article/pii/0010028573900042},
volume = {4},
year = {1973}
}

@article{chi1981categorization,
  title={Categorization and representation of physics problems by experts and novices},
  author={Chi, Michelene TH and Feltovich, Paul J and Glaser, Robert},
  journal={Cognitive science},
  volume={5},
  number={2},
  pages={121--152},
  year={1981},
  publisher={Elsevier}
}

@techreport{Chi1989,
author = {Chi, Michelene T H and Bassok, Mirloi and Lewis, Matthew W and Reimann, Peter and Glaser, Robert},
booktitle = {COGNITIVE SCIENCE},
pages = {145--182},
title = {{Self-Explanations: How Students Study and Use Examples in Learning to Solve Problems}},
volume = {13},
year = {1989}
}

@article{Chi1996,
author = {Chi, Michelene T H},
journal = {Applied Cognitive Psychology},
pages = {33--49},
title = {{Constructing Self-Explanations and Scaffolded Explanations in Tutoring}},
volume = {10},
year = {1996}
}

@article{Chi2001,
  title={Learning from human tutoring},
  author={Chi, Michelene TH and Siler, Stephanie A and Jeong, Heisawn and Yamauchi, Takashi and Hausmann, Robert G},
  journal={Cognitive science},
  volume={25},
  number={4},
  pages={471--533},
  year={2001},
  publisher={Wiley Online Library}
}

@article{Chi2010,
author = {Chi, Michelene T H and Roy, Marguerite},
journal = {LNCS},
pages = {401--412},
title = {{How Adaptive Is an Expert Human Tutor?}},
volume = {6094},
year = {2010}
}

@techreport{Chi2012,
author = {Chi, Min and Dohmen, Ilsa and Shemwell, Jonathan T and Chin, Doris B and Chase, Catherine C and Schwartz, Daniel L},
title = {{Seeing the Forest from the Trees: A Comparison of Two Instructional Models Using Contrasting Cases}},
year = {2012}
}

@article{Cho2006,
author = {Cho, Kwangsu and Schunn, Christian D and Charney, Davida},
journal = {Written Communication},
keywords = {instructional technology,peer feedback,peer reviews,writing assessment,writing in the disciplines},
number = {3},
pages = {260--294},
title = {{Commenting on Writing: Typology and Perceived Helpfulness of Comments from Novice Peer Reviewers and Subject Matter Experts}},
volume = {23},
year = {2006}
}

@article{decaro2011preparing,
  title={Preparing to learn from math instruction by solving problems first},
  author={DeCaro, Marci S and Rittle-Johnson, Bethany},
  journal={B. Rittle-Johnson \& MS DeCaro (chairs), When are times for telling},
  year={2011}
}

@book{ericsson2018cambridge,
  title={The Cambridge handbook of expertise and expert performance},
  author={Ericsson, K Anders and Hoffman, Robert R and Kozbelt, Aaron},
  year={2018},
  publisher={Cambridge University Press}
}

@article{Flavell1979,
author = {Flavell, John H.},
doi = {10.1037/0003-066X.34.10.906},
isbn = {0003-066X$\backslash$n1935-990X},
issn = {0003-066X},
journal = {American Psychologist},
number = {10},
pages = {906--911},
pmid = {16950075},
title = {{Metacognition and cognitive monitoring: A new area of cognitive-developmental inquiry.}},
volume = {34},
year = {1979}
}

@article{gentner2003learning,
  title={Learning and transfer: A general role for analogical encoding.},
  author={Gentner, Dedre and Loewenstein, Jeffrey and Thompson, Leigh},
  journal={Journal of educational psychology},
  volume={95},
  number={2},
  pages={393},
  year={2003},
  publisher={American Psychological Association}
}

@article{Glogger-Frey2015,
author = {Glogger-Frey, Inga and Fleischer, Corinna and Gr{\"{u}}ny, Lisa and Kappich, Julian and Renkl, Alexander},
doi = {10.1016/j.learninstruc.2015.05.001},
isbn = {0959-4752},
issn = {09594752},
journal = {Learning and Instruction},
keywords = {Invention activities,Physics education,Preparation for learning,Teacher education,Worked examples},
pages = {72--87},
publisher = {Elsevier Ltd},
title = {{Inventing a solution and studying a worked solution prepare differently for learning from direct instruction}},
volume = {39},
year = {2015}
}

@article{Glogger-Frey2017,
author = {Glogger-Frey, Inga and Gaus, Katharina and Renkl, Alexander},
doi = {10.1016/J.LEARNINSTRUC.2016.11.002},
issn = {0959-4752},
journal = {Learning and Instruction},
month = {oct},
pages = {26--35},
publisher = {Pergamon},
title = {{Learning from direct instruction: Best prepared by several self-regulated or guided invention activities?}},
volume = {51},
year = {2017}
}

@article{Gobet1998,
author = {Gobet, Fernand and Simon, Herbert A.},
doi = {10.1080/741942359},
issn = {0965-8211},
journal = {Memory},
month = {may},
number = {3},
pages = {225--255},
publisher = { Taylor {\&} Francis Group },
title = {{Expert Chess Memory: Revisiting the Chunking Hypothesis}},
volume = {6},
year = {1998}
}

@misc{Gobet2001,
author = {Gobet, Fernand and Lane, Peter C.R. and Croker, Steve and Cheng, Peter C.H. and Jones, Gary and Oliver, Iain and Pine, Julian M.},
journal = {Trends in Cognitive Sciences},
doi = {10.1016/S1364-6613(00)01662-4},
issn = {13646613},
month = {jun},
number = {6},
pages = {236--243},
publisher = {Elsevier Current Trends},
title = {{Chunking mechanisms in human learning}},
volume = {5},
year = {2001}
}

@article{Graesser1994,
author = {Graesser, Arthur C and Person, Natalie K},
journal = {American Educational Research Journal Spring},
number = {I},
pages = {104--137},
title = {{Question Asking During Tutoring}},
volume = {31},
year = {1994}
}

@article{Graesser1995,
author = {Graesser, Arthur C. and Person, Natalie K. and Magliano, Joseph P.},
doi = {10.1002/acp.2350090604},
isbn = {0888-4080},
issn = {10990720},
journal = {Applied Cognitive Psychology},
title = {{Collaborative dialogue patterns in naturalistic one-to-one tutoring}},
year = {1995}
}

@techreport{Hatano,
author = {Hatano, Giyoo and Inagaki, Kayoko},
title = {{Two Courses of Expertise}},
year={1986},
  publisher={WH Freeman/Times Books/Henry Holt \& Co}
}

@book{hattie2012visible,
  title={Visible learning for teachers: Maximizing impact on learning},
  author={Hattie, John},
  year={2012},
  publisher={Routledge}
}

@article{hinds1999curse,
  title={The curse of expertise: The effects of expertise and debiasing methods on prediction of novice performance.},
  author={Hinds, Pamela J},
  journal={Journal of experimental psychology: applied},
  volume={5},
  number={2},
  pages={205},
  year={1999},
  publisher={American Psychological Association}
}

@article{hinds2001,
  title={Bothered by abstraction: The effect of expertise on knowledge transfer and subsequent novice performance.},
  author={Hinds, Pamela J and Patterson, Michael and Pfeffer, Jeffrey},
  journal={Journal of applied psychology},
  volume={86},
  number={6},
  pages={1232},
  year={2001},
  publisher={American Psychological Association}
}

@article{Kapur2008,
author = {Kapur, Manu},
doi = {10.1080/07370000802212669},
issn = {0737-0008},
journal = {Cognition and Instruction},
month = {jul},
number = {3},
pages = {379--424},
publisher = { Taylor {\&} Francis Group },
title = {{Productive Failure}},
volume = {26},
year = {2008}
}

@article{Kapur2012,
author = {Kapur, Manu and Rummel, Nikol},
doi = {10.1007/s11251-012-9235-4},
issn = {0020-4277},
journal = {Instructional Science},
month = {jul},
number = {4},
pages = {645--650},
publisher = {Springer Netherlands},
title = {{Productive failure in learning from generation and invention activities}},
volume = {40},
year = {2012}
}

@article{Kirschner2006,
author = {Kirschner, Paul A. and Sweller, John and Clark, Richard E.},
doi = {10.1207/s15326985ep4102_1},
issn = {0046-1520},
journal = {Educational Psychologist},
month = {jun},
number = {2},
pages = {75--86},
publisher = { Lawrence Erlbaum Associates, Inc. },
title = {{Why Minimal Guidance During Instruction Does Not Work: An Analysis of the Failure of Constructivist, Discovery, Problem-Based, Experiential, and Inquiry-Based Teaching}},
volume = {41},
year = {2006}
}

@article{miller2013role,
  title={Role of physics lecture demonstrations in conceptual learning},
  author={Miller, Kelly and Lasry, Nathaniel and Chu, Kelvin and Mazur, Eric},
  journal={Physical review special topics-physics education research},
  volume={9},
  number={2},
  pages={020113},
  year={2013},
  publisher={APS}
}

@article{Ohlsson1992,
author = {Ohlsson, Stellan},
journal = {Advances in the Psychology of Thinking},
pages = {1--44},
title = {{Information-processing explanations of insight and related phenomena}},
volume = {1},
year = {1992}
}

@article{Quilici2002,
author = {Quilici, Jill L. and Mayer, Richard E.},
doi = {10.1002/acp.796},
issn = {0888-4080},
journal = {Applied Cognitive Psychology},
month = {apr},
number = {3},
pages = {325--342},
publisher = {Wiley-Blackwell},
title = {{Teaching students to recognize structural similarities between statistics word problems}},
volume = {16},
year = {2002}
}

@article{Reiser,
author = {Reiser, Brian J},
journal = {THE JOURNAL OF THE LEARNING SCIENCES},
number = {3},
pages = {273--304},
title = {{Scaffolding Complex Learning: The Mechanisms of Structuring and Problematizing Student Work}},
volume = {13}
}

@article{rittle-johnson2007,
  title={Does comparing solution methods facilitate conceptual and procedural knowledge? An experimental study on learning to solve equations.},
  author={Rittle-Johnson, Bethany and Star, Jon R},
  journal={Journal of Educational Psychology},
  volume={99},
  number={3},
  pages={561},
  year={2007},
  publisher={American Psychological Association}
}

@inproceedings{Roll2011,
author = {Roll, Ido and Aleven, Vincent and Koedinger, Ken and Koedinger, Kenneth R},
keywords = {Invention activities,generation,intelligent tutoring systems,modular knowledge,transfer},
title = {{Outcomes and Mechanisms of Transfer in Invention Activities}},
booktitle = {Proceedings of the Annual Meeting of the Cognitive Science Society},
volume = {33},
number = {33},
year = {2011}
}

@article{Schneider2013,
author = {Schneider, Bertrand and Wallace, Jenelle and Blikstein, Paulo and Pea, Roy},
journal = {IEEE Transactions on Learning Technologies IEEE TRANSACTIONS ON XXXXXXXXXXXXXXXXXXXX},
keywords = {Education,Index Terms ‚ÄîComputer-Assisted Instruction},
number = {2},
pages = {117--129},
title = {{Preparing for Future Learning with a Tangible User Interface: The Case of Neuroscience}},
volume = {6},
year = {2013}
}

@incollection{Schnotz2005,
author = {Schnotz, Wolfgang},
booktitle = {The Cambridge Handbook of Multimedia Learning},
chapter = {4},
title = {{An integrated model of text and picture comprehension}},
year = {2005}
}

@article{Schnotz2003,
author = {Schnotz, Wolfgang and Bannert, Maria},
doi = {10.1016/S0959-4752(02)00017-8},
journal = {Learning and Instruction},
keywords = {Depictive representations,Descriptive representations,Interference with mental model construction * Corr,Mental models,Picture compre-hension,Propositional representations,Support of mental model construc-tion,Text comprehension,Visual images},
pages = {141--156},
title = {{Construction and interference in learning from multiple representation}},
url = {www.elsevier.com/locate/learninstruc},
volume = {13},
year = {2003}
}

@article{Schunn2005,
author = {Schunn, Christian D. and McGregor, Mark U. and Saner, Lelyn D.},
doi = {10.3758/BF03193370},
issn = {0090502X},
journal = {Memory and Cognition},
keywords = {Cognitive Psychology},
number = {8},
pages = {1377--1387},
pmid = {16615385},
publisher = {Psychonomic Society Inc.},
title = {{Expertise in ill-defined problem-solving domains as effective strategy use}},
volume = {33},
year = {2005}
}

@article{Schwartz2004,
author = {Schwartz, Daniel L. and Martin, Taylor},
issn = {0737-0008},
journal = {Cognition and Instruction},
month = {jun},
number = {2},
pages = {129--184},
publisher = {Lawrence Erlbaum Associates, Inc.},
title = {{Inventing to Prepare for Future Learning: The Hidden Efficiency of Encouraging Original Student Production in Statistics Instruction}},
volume = {22},
year = {2004}
}

@article{schwartz2005efficiency,
  title={Efficiency and innovation in transfer},
  author={Schwartz, Daniel L and Bransford, John D and Sears, David and others},
  journal={Transfer of learning from a modern multidisciplinary perspective},
  volume={3},
  pages={1--51},
  year={2005}
}

@article{Schwartz2011,
author = {Schwartz, Daniel L. and Chase, Catherine C. and Oppezzo, Marily A. and Chin, Doris B.},
doi = {10.1037/a0025140},
isbn = {0022-0663$\backslash$r1939-2176},
issn = {00220663},
journal = {Journal of Educational Psychology},
keywords = {Contrasting cases,Inventing,Proportional reasoning,Science education,Transfer},
number = {4},
pages = {759--775},
title = {{Practicing Versus Inventing With Contrasting Cases: The Effects of Telling First on Learning and Transfer}},
volume = {103},
year = {2011}
}

@article{tuovinen1999comparison,
  title={A comparison of cognitive load associated with discovery learning and worked examples.},
  author={Tuovinen, Juhani E and Sweller, John},
  journal={Journal of educational psychology},
  volume={91},
  number={2},
  pages={334},
  year={1999},
  publisher={American Psychological Association}
}

@incollection{van2014,
  title={What makes up a procedure?},
  author={van der Meij, Hans and Blijleven, Peter and Jansen, Leanne},
  booktitle={Content and Complexity},
  pages={141--198},
  year={2014},
  publisher={Routledge}
}

@article{wiley1998expertise,
  title={Expertise as mental set: The effects of domain knowledge in creative problem solving},
  author={Wiley, Jennifer},
  journal={Memory \& cognition},
  volume={26},
  number={4},
  pages={716--730},
  year={1998},
  publisher={Springer}
}

@article{Williams2010,
author = {Williams, Joseph J and Lombrozo, Tania},
doi = {10.1111/j.1551-6709.2010.01113.x},
journal = {Cognitive Science},
keywords = {Anomalies,Category learning,Explanation,Generalization,Learning,Self-explanation,Transfer},
pages = {776--806},
title = {{The Role of Explanation in Discovery and Generalization: Evidence From Category Learning}},
volume = {34},
year = {2010}
}

@inproceedings{Williams2016,
author = {Williams, Joseph Jay and Kim, Juho and Rafferty, Anna and Maldonado, Samuel and Gajos, Krzysztof Z. and Lasecki, Walter S. and Heffernan, Neil},
booktitle = {Proceedings of the Third (2016) ACM Conference on Learning @ Scale - L@S '16},
pages = {379--388},
title = {{AXIS: Generating Explanations at Scale with Learnersourcing and Machine Learning}},
year = {2016}
}

###INTELLIGENT TUTORING SYSTEMS###
@article{Aleven2010,
author = {Aleven, Vincent and Roll, Ido and Mclaren, Bruce M and Koedinger, Kenneth R},
doi = {10.1080/00461520.2010.517740},
issn = {1532-6985},
journal = {Educational Psychologist},
pages = {224--233},
title = {{Automated, Unobtrusive, Action-by-Action Assessment of Self-Regulation During Learning With an Intelligent Tutoring System}},
volume = {45},
year = {2010}
}

@article{Anderson1995,
issn = {1050-8406},
journal = {Journal of the Learning Sciences},
number = {2},
pages = {167--207},
title = {{Cognitive Tutors: Lessons Learned}},
volume = {4},
year = {1995}
}

@article{Graesser2001,
author = {Graesser, Arthur C and Vanlehn, Kurt and Ros{\'{e}}, Carolyn P and Jordan, Pamela W and Harter, Derek},
doi = {10.1609/AIMAG.V22I4.1591},
journal = {AI Magazine},
month = {dec},
number = {4},
pages = {39--52},
title = {{Intelligent Tutoring Systems with Conversational Dialogue}},
volume = {22},
year = {2001}
}

@article{Koedinger1997,
author = {{Koedinger, Kenneth R. {\&} Corbett}, Albert},
title = {{Cognitive Tutors: Technology Bringing Learning Science to the Classroom}},
year = {1997}
}

@article{Roscoe2014,
author = {Roscoe, Rod D. and Allen, Laura K. and Weston, Jennifer L. and Crossley, Scott A. and McNamara, Danielle S.},
journal = {Computers and Composition},
pages = {39--59},
title = {{The Writing Pal Intelligent Tutoring System: Usability Testing and Development}},
volume = {34},
year = {2014}
}

###EXAMPLES###
@article{chan2011benefits,
  title={On the benefits and pitfalls of analogies for innovative design: Ideation performance based on analogical distance, commonness, and modality of examples},
  author={Chan, Joel and Fu, Katherine and Schunn, Christian and Cagan, Jonathan and Wood, Kristin and Kotovsky, Kenneth},
  journal={Journal of mechanical design},
  volume={133},
  number={8},
  year={2011},
  publisher={American Society of Mechanical Engineers Digital Collection}
}

@incollection{chan2018best,
  title={Do the best design ideas (really) come from conceptually distant sources of inspiration?},
  author={Chan, Joel and Dow, Steven P and Schunn, Christian D},
  booktitle={Engineering a Better Future},
  pages={111--139},
  year={2018},
  publisher={Springer, Cham}
}

@inproceedings{kumar2011,
  title={Bricolage: example-based retargeting for web design},
  author={Kumar, Ranjitha and Talton, Jerry O and Ahmad, Salman and Klemmer, Scott R},
  booktitle={Proceedings of the SIGCHI Conference on Human Factors in Computing Systems},
  pages={2197--2206},
  year={2011}
}

@inproceedings{kulkarni2012early,
  title={Early and Repeated Exposure to Examples Improves Creative Work},
  author={Kulkarni, Chinmay and Dow, Steven and Klemmer, Scott},
  booktitle={Proceedings of the Annual Meeting of the Cognitive Science Society},
  volume={34},
  number={34},
  year={2012}
}

@inproceedings{Lee2010,
  title={Designing with interactive example galleries},
  author={Lee, Brian and Srivastava, Savil and Kumar, Ranjitha and Brafman, Ronen and Klemmer, Scott R},
  booktitle={Proceedings of the SIGCHI conference on human factors in computing systems},
  pages={2257--2266},
  year={2010}
}

@inproceedings{marks1997design,
  title={Design galleries: A general approach to setting parameters for computer graphics and animation},
  author={Marks, Joe and Andalman, Brad and Beardsley, Paul A and Freeman, William and Gibson, Sarah and Hodgins, Jessica and Kang, Thomas and Mirtich, Brian and Pfister, Hanspeter and Ruml, Wheeler and others},
  booktitle={Proceedings of the 24th annual conference on Computer graphics and interactive techniques},
  pages={389--400},
  year={1997}
}

@article{marsh1996examples,
  title={How examples may (and may not) constrain creativity},
  author={Marsh, Richard L and Landau, Joshua D and Hicks, Jason L},
  journal={Memory \& cognition},
  volume={24},
  number={5},
  pages={669--680},
  year={1996},
  publisher={Springer}
}

@inproceedings{siangliulue2015,
  title={Providing timely examples improves the quantity and quality of generated ideas},
  author={Siangliulue, Pao and Chan, Joel and Gajos, Krzysztof Z and Dow, Steven P},
  booktitle={Proceedings of the 2015 ACM SIGCHI Conference on Creativity and Cognition},
  pages={83--92},
  year={2015}
}

@article{Smith1993,
author = {Smith, Steven M. and Ward, Thomas B. and Schumacher, Jay S.},
doi = {10.3758/BF03202751},
issn = {0090502X},
journal = {Memory {\&} Cognition},
month = {nov},
number = {6},
pages = {837--845},
title = {{Constraining effects of examples in a creative generation task}},
volume = {21},
year = {1993}
}

###IDEATION, FIXATION, & DESIGN###
@book{abel2008drawing,
author = {Abel, Jessica and Madden, Matt},
publisher = {Macmillan},
title = {{Drawing Words and Writing Pictures: Making Comics: Manga, Graphic Novels, and Beyond}},
year = {2008}
}

@article{bilalic2008good,
  title={Why good thoughts block better ones: The mechanism of the pernicious Einstellung (set) effect},
  author={Bilali{\'c}, Merim and McLeod, Peter and Gobet, Fernand},
  journal={Cognition},
  volume={108},
  number={3},
  pages={652--661},
  year={2008},
  publisher={Elsevier}
}

@book{Buxton2007,
author = {Buxton, William},
isbn = {9780123740373},
pages = {443},
publisher = {Elsevier/Morgan Kaufmann},
title = {{Sketching user experiences : getting the design right and the right design}},
year = {2007}
}

@inproceedings{Davis2017,
author = {Davis, Nicholas and Hsiao, Chih Pin and Singh, Kunwar Yashraj and Lin, Brenda and Magerko, Brian},
booktitle = {Proceedings of the 2017 ACM SIGCHI Conference on Creativity and Cognition},
doi = {10.1145/3059454.3059478},
isbn = {9781450344036},
keywords = {Co-Creation,Collaboration,Creativity,Interaction,Interaction Dynamics,Sense-making},
month = {jun},
pages = {356--366},
publisher = {Association for Computing Machinery, Inc},
title = {{Creative sense-making: Quantifying interaction dynamics in co-creation}},
year = {2017}
}

@book{de2017six,
  title={Six thinking hats},
  author={De Bono, Edward},
  year={1985},
  publisher={Little Brown and Company}
}

@inproceedings{Dow2009,
author = {Dow, Steven P and Heddleston, Kate and Klemmer, Scott R},
booktitle = {Proceedings of the seventh ACM conference on Creativity and cognition},
keywords = {Author Keywords Prototyping,Design,iteration},
pages = {165--174},
title = {{The Efficacy of Prototyping Under Time Constraints}},
year = {2009}
}

@article{Dow2010,
  title={Parallel prototyping leads to better design results, more divergence, and increased self-efficacy},
  author={Dow, Steven P and Glassco, Alana and Kass, Jonathan and Schwarz, Melissa and Schwartz, Daniel L and Klemmer, Scott R},
  journal={ACM Transactions on Computer-Human Interaction (TOCHI)},
  volume={17},
  number={4},
  pages={1--24},
  year={2010},
  publisher={ACM New York, NY, USA}
}

@inproceedings{Dow2011,
author = {Dow, Steven and Fortuna, Julie and Schwartz, Dan and Altringer, Beth and Schwartz, Daniel and Klemmer, Scott},
booktitle = {Proceedings of the 2011 annual conference on Human factors in computing systems - CHI '11},
publisher = {ACM Press},
title = {{Prototyping dynamics: Sharing multiple designs improves exploration, group rapport, and results}},
year = {2011}
}

@book{Edwards1979,
author = {Edwards, Betty},
edition = {4th},
publisher = {Penguin Books Ltd.},
title = {{Drawing on the Right Side of the Brain}},
year = {1979}
}

@book{eisner2008comics,
author = {Eisner, Will},
publisher = {WW Norton {\&} Company},
title = {{Comics and sequential art: Principles and practices from the legendary cartoonist}},
year = {2008}
}

@article{eitz2012humans,
  title={How do humans sketch objects?},
  author={Eitz, Mathias and Hays, James and Alexa, Marc},
  journal={ACM Trans. Graph.},
  volume={31},
  number={4},
  pages={44--1},
  year={2012}
}

@techreport{Hennessey,
archivePrefix = {arXiv},
arxivId = {1607.07980v1},
author = {Hennessey, James W and Liu, Han and Winnem{\"{o}}ller, Holger and Dontcheva, Mira and Mitra, Niloy J},
eprint = {1607.07980v1},
isbn = {1607.07980v1},
title = {{How2Sketch: Generating Easy-To-Follow Tutorials for Sketching 3D Objects}}
}

@article{jansson1991design,
  title={Design fixation},
  author={Jansson, David G and Smith, Steven M},
  journal={Design studies},
  volume={12},
  number={1},
  pages={3--11},
  year={1991}
}

@phdthesis{javadi2012impact,
  title={The impact of user interface design on idea integration in electronic brainstorming: an attention-based view},
  author={Javadi, Elahe},
  year={2012},
  school={University of Illinois at Urbana-Champaign}
}

@inproceedings{Jensen2018,
author = {Jensen, Mads M{\o}ller and R{\"{a}}dle, Roman and Klokmose, Clemens N and B{\o}dker, Susanne},
booktitle = {Proceedings of the 2018 CHI Conference on Human Factors in Computing Systems},
doi = {10.1145/3173574.3173798},
file = {:Users/triciangoon/Library/Application Support/Mendeley Desktop/Downloaded/Jensen et al. - 2018 - Remediating a Design Tool Implications of Digitizing Sticky Notes.pdf:pdf},
isbn = {9781450356206},
keywords = {Authors' choice,by semicolons,include commas,of terms,required.,separated,within terms only},
title = {{Remediating a Design Tool: Implications of Digitizing Sticky Notes}},
year = {2018}
}

@book{Kelley2013,
address = {New York},
author = {Kelley, David and Kelley, Tom},
pages = {288},
publisher = {Crown Publishing Group},
title = {{Creative confidence: Unleashing the creative potential within us all}},
year = {2013}
}

@inproceedings{koch2020semanticcollage,
  title={SemanticCollage: Enriching Digital Mood Board Design with Semantic Labels},
  author={Koch, Janin and Taffin, Nicolas and Lucero, Andr{\'e}s and Mackay, Wendy E},
  booktitle={Proceedings of the 2020 ACM Designing Interactive Systems Conference},
  pages={407--418},
  year={2020}
}

@inproceedings{landay1996sketching,
  title={Sketching storyboards to illustrate interface behaviors},
  author={Landay, James A and Myers, Brad A},
  booktitle={Conference on Human Factors in Computing Systems: Conference companion on Human factors in computing systems: common ground},
  volume={13},
  number={18},
  pages={193--194},
  year={1996}
}

@article{Leiva2019,
author = {Leiva, Germ{\'a}n and Maudet, Nolwenn and Mackay, Wendy and Beaudouin-Lafon, Michel},
doi = {10.1145/3310276},
journal = {ACM Transactions on Computer-Human Interaction (TOCHI)},
volume={26},
number={3},
pages={1--48},
year={2019},
publisher={ACM New York, NY, USA}
}

@inproceedings{Little2010,
author = {Little, Greg and Chilton, Lydia B. and Goldman, Max and Miller, Robert C.},
booktitle = {Workshop Proceedings - Human Computation Workshop 2010, HCOMP2010},
doi = {10.1145/1837885.1837907},
isbn = {9781450302227},
keywords = {Brainstorming,Collaborative writing,Crowd sourcing,Human computation,Mechanical turk,OCR},
pages = {68--76},
title = {{Exploring iterative and parallel human computation processes}},
year = {2010}
}

@inproceedings{Lupfer2016,
author = {Lupfer, Nic and Kerne, Andruid and Webb, Andrew M. and Linder, Rhema},
booktitle = {MM 2016 - Proceedings of the 2016 ACM Multimedia Conference},
doi = {10.1145/2964284.2964303},
isbn = {9781450336031},
keywords = {Curation,Design,Education,Pattern language,Visual thinking,Web media},
month = {oct},
pages = {12--21},
publisher = {Association for Computing Machinery, Inc},
title = {{Patterns of free-form curation: Visual thinking with web content}},
year = {2016}
}

@book{mccloud2006making,
author = {McCloud, Scott},
publisher = {Harper Collins},
title = {{Making comics: Storytelling Secrets of Comics, Manga, and Graphic Novels}},
year = {2006}
}

@article{Nijstad2006,
author = {Nijstad, Bernard A. and Stroebe, Wolfgang},
doi = {10.1207/s15327957pspr1003_1},
issn = {1088-8683},
journal = {Personality and Social Psychology Review},
month = {aug},
number = {3},
pages = {186--213},
publisher = {SAGE PublicationsSage CA: Los Angeles, CA},
title = {{How the Group Affects the Mind: A Cognitive Model of Idea Generation in Groups}},
volume = {10},
year = {2006}
}
@book{poore1967composition,
  title={Composition in Art},
  author={Poore, H.R.},
  lccn={66025199},
  url={https://books.google.com/books?id=cxDrAQAACAAJ},
  year={1967},
  publisher={Sterling}
}

@book{Poore1967,
author = {Poore, Henry Rankin},
publisher = {Sterling Publishing Co.},
title = {{Pictorial Compositon: An Introduction}},
year = {1967}
}

@book{schon1984reflective,
  title={The reflective practitioner: How professionals think in action},
  author={Schon, Donald A},
  volume={5126},
  year={1984},
  publisher={Basic books}
}

@inproceedings{Siangliulue,
author = {Siangliulue, Pao and Arnold, Kenneth C and Gajos, Krzysztof Z and Dow, Steven P},
booktitle = {Proceedings of the 18th ACM conference on computer supported cooperative work {\&} social computing},
doi = {10.1145/2675133.2675239},
keywords = {Author Keywords Collaborative ideation,Miscellaneous,inspirational examples},
title = {{Toward Collaborative Ideation at Scale ‚Äî Leveraging Ideas from Others to Generate More Creative and Diverse Ideas}}
}

@inproceedings{siangliulue2016ideahound,
  title={IdeaHound: improving large-scale collaborative ideation with crowd-powered real-time semantic modeling},
  author={Siangliulue, Pao and Chan, Joel and Dow, Steven P and Gajos, Krzysztof Z},
  booktitle={Proceedings of the 29th Annual Symposium on User Interface Software and Technology},
  pages={609--624},
  year={2016}
}

@book{Snyder2003,
author = {Snyder, Carolyn},
publisher = {Morgan Kaufmann},
title = {{Paper Prototyping: The Fast and Easy Way to Design and Refine User Interfaces - Carolyn Snyder - Google Books}},
year = {2003}
}

@inproceedings{teevan2017bringing,
  title={Bringing the Wisdom of the Crowd to an Individual by Having the Individual Assume Different Roles},
  author={Teevan, Jaime and Yu, Lisa},
  booktitle={Proceedings of the 2017 ACM SIGCHI Conference on Creativity and Cognition},
  pages={131--135},
  year={2017},
  organization={ACM}
}

@inproceedings{tohidi2006getting,
  title={Getting the right design and the design right},
  author={Tohidi, Maryam and Buxton, William and Baecker, Ronald and Sellen, Abigail},
  booktitle={Proceedings of the SIGCHI conference on Human Factors in computing systems},
  pages={1243--1252},
  year={2006}
}

@article{welch2000sketching,
  title={Sketching: Friend or foe to the novice designer?},
  author={Welch, Malcolm and Barlex, David and Lim, Hee Sook},
  journal={International Journal of Technology and Design Education},
  volume={10},
  number={2},
  pages={125--148},
  year={2000},
  publisher={Springer}
}

@inproceedings{Wobbrock2007,
author = {Wobbrock, Jacob O. and Wilson, Andrew D. and Li, Yang},
booktitle = {Proceedings of the 20th annual ACM symposium on User interface software and technology - UIST '07},
pages = {159},
title = {{Gestures without libraries, toolkits or training: a {\$}1 recognizer for user interface prototypes}},
year = {2007}
}

@inproceedings{Yu2011,
author = {Yu, Lixiu and Nickerson, Jeffrey V.},
booktitle = {Conference on Human Factors in Computing Systems - Proceedings},
doi = {10.1145/1978942.1979147},
isbn = {9781450302289},
keywords = {Conceptual combination,Creativity,Crowdsourcing,Design sketches,Human based genetic algorithms,Social computing},
pages = {1393--1402},
title = {{Cooks or cobblers? Crowd creativity through combination}},
year = {2011}
}

@inproceedings{Yu2016,
author = {Yu, Lixiu and Kittur, Aniket and Kraut, Robert E.},
booktitle = {Proceedings of the ACM Conference on Computer Supported Cooperative Work, CSCW},
doi = {10.1145/2818048.2820025},
isbn = {9781450335928},
keywords = {Crowdsourcing,Design,Idea generation,Problem solving},
month = {feb},
pages = {1214--1222},
publisher = {Association for Computing Machinery},
title = {{Encouraging "Outside-the-box" thinking in crowd innovation through identifying domains of expertise}},
volume = {27},
year = {2016}
}

###COLLABORATION & COMMUNITIES

@article{Bernstein2010,
author = {Bernstein, Michael S and Little, Greg and Miller, Robert C and Hartmann, Bj{\"{o}}rn and Ackerman, Mark S and Karger, David R and Crowell, David and Panovich, Katrina},
doi = {10.1145/1866029.1866078},
isbn = {9781450302715},
issn = {1450302718},
journal = {Proceedings of the 23nd annual ACM symposium on User interface software and technology},
keywords = {crowdsourcing,mechanical turk,outsourcing},
pages = {313--322},
title = {{Soylent: a word processor with a crowd inside}},
year = {2010}
}

@misc{Boxer2005,
author = {{Sarah Boxer}},
booktitle = {The New York Times},
title = {{A United Nations of Weird-Looking Sketches - The New York Times}},
year = {2005}
}

@inproceedings{dabbish2012social,
  title={Social coding in GitHub: transparency and collaboration in an open software repository},
  author={Dabbish, Laura and Stuart, Colleen and Tsay, Jason and Herbsleb, Jim},
  booktitle={Proceedings of the ACM 2012 conference on computer supported cooperative work},
  pages={1277--1286},
  year={2012}
}

@inproceedings{Dow2012,
author = {Dow, Steven P and Kulkarni, Anand and Klemmer, Scott R and Hartmann, Bj{\"{o}}rn},
booktitle = {Proceedings of the ACM 2012 conference on Computer Supported Cooperative Work},
keywords = {Author Keywords Crowdsourcing,Group and Organization Interfaces,HCI),feedback system General Terms Experimentation,human computation},
pages = {1013--1022},
title = {{Shepherding the Crowd Yields Better Work}},
year = {2012}
}

@inproceedings{Hahn2016,
author = {Hahn, Nathan and Chang, Joseph and Kim, Ji Eun and Kittur, Aniket},
booktitle = {Conference on Human Factors in Computing Systems - Proceedings},
doi = {10.1145/2858036.2858364},
isbn = {9781450333627},
keywords = {Complex workflow,Crowd work,Crowdsourcing,Design patterns,Information synthesis},
month = {may},
pages = {2258--2270},
publisher = {Association for Computing Machinery},
title = {{The knowledge accelerator: Big picture thinking in small pieces}},
year = {2016}
}

@inproceedings{Hill2013,
author = {Hill, Benjamin Mako and Monroy-Hern{\'{a}}ndez, Andr{\'{e}}s},
booktitle = {Proccedings of the 2013 ACM Conference on Computer-Supported Cooperative Work},
publisher = {ACM},
title = {{The Cost of Collaboration for Code and Art: Evidence from a Remixing Community}},
year = {2013}
}

@inproceedings{Ignat2006,
author = {Ignat, Claudia Lavinia and Norrie, Moira C.},
booktitle = {Proceedings of the ACM Conference on Computer Supported Cooperative Work, CSCW},
doi = {10.1145/1180875.1180917},
isbn = {1595932496},
keywords = {Consistency maintenance,Graphical collaborative editing,Serialisation of operations,Topological sort},
pages = {269--278},
title = {{Draw-together: Graphical editor for collaborative drawing}},
year = {2006}
}

@inproceedings{kim2014ensemble,
  title={Ensemble: exploring complementary strengths of leaders and crowds in creative collaboration},
  author={Kim, Joy and Cheng, Justin and Bernstein, Michael S},
  booktitle={Proceedings of the 17th ACM conference on Computer supported cooperative work \& social computing},
  pages={745--755},
  year={2014}
}

@inproceedings{Kim2014,
author = {Kim, Joy and Cheng, Justin and Bernstein, Michael S.},
booktitle = {Proceedings of the ACM Conference on Computer Supported Cooperative Work, CSCW},
doi = {10.1145/2531602.2531638},
isbn = {9781450325400},
keywords = {Online creative collaboration,Social computing,Storytelling},
pages = {745--755},
publisher = {Association for Computing Machinery},
title = {{Ensemble: Exploring complementary strengths of leaders and crowds in creative collaboration}},
year = {2014}
}

@inproceedings{Kim2016,
author = {Kim, Joy and Monroy-Her{\'{n}}andez, And≈ïes},
booktitle = {Proceedings of the ACM Conference on Computer Supported Cooperative Work, CSCW},
doi = {10.1145/2818048.2820072},
isbn = {9781450335928},
keywords = {Creative collaboration,Crowdsourcing,Social computing,Storytelling},
month = {feb},
pages = {1018--1027},
publisher = {Association for Computing Machinery},
title = {{Storia: Summarizing social media content based on narrative theory using crowdsourcing}},
volume = {27},
year = {2016}
}

@inproceedings{Kim2017,
author = {Kim, Joy and Sterman, Sarah and Cohen, Allegra Argent Beal and Bernstein, Michael S.},
booktitle = {Proceedings of the ACM Conference on Computer Supported Cooperative Work, CSCW},
doi = {10.1145/2998181.2998196},
isbn = {9781450343350},
keywords = {Crowdsourcing,Online creative collaboration,Social computing,Storytelling},
month = {feb},
pages = {233--245},
publisher = {Association for Computing Machinery},
title = {{Mechanical novel: Crowdsourcing complex work through reflection and revision}},
year = {2017}
}

@inproceedings{kim2017mosaic,
  title={Mosaic: designing online creative communities for sharing works-in-progress},
  author={Kim, Joy and Agrawala, Maneesh and Bernstein, Michael S},
  booktitle={Proceedings of the 2017 ACM Conference on Computer Supported Cooperative Work and Social Computing},
  pages={246--258},
  year={2017}
}

@inproceedings{Kittur2011,
booktitle = {UIST'11 - Proceedings of the 24th Annual ACM Symposium on User Interface Software and Technology},
doi = {10.1145/2047196.2047202},
isbn = {9781450307161},
keywords = {Coordination,Crowdsourcing,Distributed processing,Human computation,MapReduce,Mechanical Turk},
pages = {43--52},
title = {{CrowdForge: Crowdsourcing complex work}},
year = {2011}
}

@inproceedings{Kulkarni2012,
author = {Kulkarni, Anand and Can, Matthew and Hartmann, Bj{\"{o}}rn},
booktitle = {Proceedings of the ACM Conference on Computer Supported Cooperative Work, CSCW},
doi = {10.1145/2145204.2145354},
isbn = {9781450310864},
keywords = {crowdsourcing,task decomposition,workflows},
pages = {1003--1012},
title = {{Collaboratively crowdsourcing workflows with turkomatic}},
year = {2012}
}

@inproceedings{kuznetsov2010rise,
  title={Rise of the expert amateur: DIY projects, communities, and cultures},
  author={Kuznetsov, Stacey and Paulos, Eric},
  booktitle={Proceedings of the 6th Nordic conference on human-computer interaction: extending boundaries},
  pages={295--304},
  year={2010}
}

@inproceedings{Lasecki2015,
author = {Lasecki, Walter S. and Kim, Juho and Rafter, Nicholas and Sen, Onkur and Bigham, Jeffrey P. and Bernstein, Michael S.},
booktitle = {Conference on Human Factors in Computing Systems - Proceedings},
doi = {10.1145/2702123.2702565},
isbn = {9781450331456},
keywords = {Crowdsourcing,Human computation,Rapid prototyping},
month = {apr},
pages = {1925--1934},
publisher = {Association for Computing Machinery},
title = {{Apparition: Crowdsourced user interfaces that come to life as you sketch them}},
volume = {2015-April},
year = {2015}
}

@inproceedings{Lee2017,
author = {Lee, Sang Won and Zhang, Yujin and Wong, Isabelle and Yang, Yiwei and O'Keefe, Stephanie D. and Lasecki, Walter S.},
booktitle = {UIST 2017 - Proceedings of the 30th Annual ACM Symposium on User Interface Software and Technology},
doi = {10.1145/3126594.3126595},
isbn = {9781450349819},
keywords = {Animation,Human Computation,Interactive interfaces,Rapid prototyping,Real-Time Crowdsourcing},
month = {oct},
pages = {817--828},
publisher = {Association for Computing Machinery, Inc},
title = {{SketchExpress: Remixing animations for more effective crowd-powered prototyping of interactive interfaces}},
year = {2017}
}

@inproceedings{Lee2019,
author = {Lee, Sang Won and Willette, Aaron and Koutra, Danai and Lasecki, Walter S.},
booktitle = {C and C 2019 - Proceedings of the 2019 Creativity and Cognition},
doi = {10.1145/3325480.3325509},
isbn = {9781450359177},
keywords = {Audience participation,Mobile music,Music performances},
month = {jun},
pages = {108--120},
publisher = {Association for Computing Machinery, Inc},
title = {{The effect of social interaction on facilitating audience participation in a live music performance}},
year = {2019}
}

@inproceedings{Luther2008,
author = {Luther, Kurt and Bruckman, Amy},
booktitle = {Proceedings of the ACM Conference on Computer Supported Cooperative Work, CSCW},
doi = {10.1145/1460563.1460619},
isbn = {9781605580074},
keywords = {Animation,Leadership,Online creative collaboration},
pages = {343--352},
title = {{Leadership in online creative collaboration}},
year = {2008}
}

@inproceedings{luther2013,
author = {Luther, Kurt and Fiesler, Casey and Bruckman, Amy},
title = {Redistributing Leadership in Online Creative Collaboration},
year = {2013},
isbn = {9781450313315},
publisher = {Association for Computing Machinery},
address = {New York, NY, USA},
doi = {10.1145/2441776.2441891},
booktitle = {Proceedings of the 2013 Conference on Computer Supported Cooperative Work},
pages = {1007‚Äì1022},
numpages = {16},
location = {San Antonio, Texas, USA},
series = {CSCW ‚Äô13}
}

@article{Maloney2010,
author = {Maloney, John and Resnick, Mitchel and Rusk, Natalie and Silverman, Brian and Eastmond, Evelyn},
doi = {10.1145/1868358.1868363},
journal = {ACM Trans. Comput. Educ},
number = {15},
title = {{The Scratch Programming Language and Environment}},
volume = {10},
year = {2010}
}

@article{mamykina2002collaborative,
  title={Collaborative creativity},
  author={Mamykina, Lena and Candy, Linda and Edmonds, Ernest},
  journal={Communications of the ACM},
  volume={45},
  number={10},
  pages={96--99},
  year={2002},
  publisher={ACM New York, NY, USA}
}

@article{Peng1992,
author = {Peng, Chengzhi},
doi = {10.1007/BF00752438},
issn = {09259724},
journal = {Computer Supported Cooperative Work},
keywords = {Collaborative Design,Collaborative Drawing Tools,Shared Drawing Space Activity},
month = {sep},
number = {3},
pages = {197--228},
publisher = {Kluwer Academic Publishers},
title = {{Survey of collaborative drawing support tools - Design perspectives and prototypes}},
volume = {1},
year = {1992}
}

@techreport{Resnick2009,
author = {Resnick, Mitchel and {Maloney, Andr{\'{e}}s Monroy-Hern{\'{a}}ndez}, John and Rusk, Natalie and Eastmond, Evelyn and Brennan, Karen and Rosenbaum, Eric and Silver, Jay and Silverman, Brian and Kafai, Yasmin},
doi = {10.1145/1592761.1592779},
number = {11},
title = {{Scratch: Programming for All}},
url = {http://scratch.mit.edu},
volume = {52},
year = {2009}
}

@inproceedings{Retelny2014,
author = {Retelny, Daniela and Robaszkiewicz, S{\'{e}}bastien and To, Alexandra and Lasecki, Walter and Patel, Jay and Rahmati, Negar and Doshi, Tulsee and Valentine, Melissa and Bernstein, Michael S.},
booktitle = {UIST 2014 - Proceedings of the 27th Annual ACM Symposium on User Interface Software and Technology},
doi = {10.1145/2642918.2647409},
isbn = {9781450330695},
keywords = {Crowdsourcing,Expert crowd work,Flash teams},
month = {oct},
pages = {75--86},
publisher = {Association for Computing Machinery, Inc},
title = {{Expert crowdsourcing with flash teams}},
year = {2014}
}

@article{Salehi2018,
author = {Salehi, Niloufar and Bernstein, Michael S.},
doi = {10.1145/3274420},
issn = {25730142},
journal = {Proceedings of the ACM on Human-Computer Interaction},
keywords = {Design,Online collaboration,Participatory design,Teams},
month = {nov},
number = {CSCW},
publisher = {Association for Computing Machinery},
title = {{HIVe: Collective design through network rotation}},
volume = {2},
year = {2018}
}

@inproceedings{settles2013,
  title={Let's get together: the formation and success of online creative collaborations},
  author={Settles, Burr and Dow, Steven},
  booktitle={Proceedings of the SIGCHI Conference on Human Factors in Computing Systems},
  pages={2009--2018},
  year={2013},
  organization={ACM}
}

@techreport{Tang1991,
author = {Tang, John C},
booktitle = {International Journal of Man-Machine Studies},
pages = {143--160},
title = {{Findings from observational studies of collaborative work}},
volume = {34},
year = {1991}
}

@inproceedings{Valentine2017,
author = {Valentine, Melissa A. and Retelny, Daniela and To, Alexandra and Rahmati, Negar and Doshi, Tulsee and Bernstein, Michael S.},
booktitle = {Conference on Human Factors in Computing Systems - Proceedings},
doi = {10.1145/3025453.3025811},
isbn = {9781450346559},
keywords = {Crowdsourcing,Expert crowd work,Flash organizations},
month = {may},
pages = {3523--3537},
publisher = {Association for Computing Machinery},
title = {{Flash organizations: Crowdsourcing complex work by structuring crowds as organizations}},
volume = {2017-May},
year = {2017}
}

@article{wasko2005should,
  title={Why should I share? Examining social capital and knowledge contribution in electronic networks of practice},
  author={Wasko, Molly McLure and Faraj, Samer},
  journal={MIS quarterly},
  pages={35--57},
  year={2005},
  publisher={JSTOR}
}

@article{wang2015students,
  title={How students collaboratively write using google docs},
  author={Wang, Dakuo and Olson, Judith S and Zhang, Jingwen and Nguyen, Trung and Olson, Gary M},
  journal={IConference 2015 Proceedings},
  year={2015},
  publisher={iSchools}
}

@article{zhang2018making,
  title={Making sense of group chat through collaborative tagging and summarization},
  author={Zhang, Amy X and Cranshaw, Justin},
  journal={Proceedings of the ACM on Human-Computer Interaction},
  volume={2},
  number={CSCW},
  pages={1--27},
  year={2018},
  publisher={ACM New York, NY, USA}
}

@inproceedings{Zhao2017,
author = {Zhao, Mengyao and Wang, Yi and Redmiles, David},
booktitle = {IEEE 12th International Conference on Global Software Engineering (ICGSE)},
pages = {61--65},
title = {{Using Collaborative Online Drawing to Build Up Distributed Teams}},
year = {2017}
}

###FEEDBACK###
@inproceedings{Attali2004,
author = {Attali, Yigal},
booktitle = {The National Council on Measurement in Education (NCME)},
title = {{Exploring the Feedback and Revision Features of Criterion}},
year = {2004}
}

@article{Bharadwaj,
author = {Bharadwaj, Aditya and Siangliulue, Pao and Marcus, Adam and Luther, Kurt},
doi = {10.1145/3290605.3300769},
isbn = {9781450359702},
keywords = {Quality assurance,checklists,creative work,feedback},
pages = {12},
publisher = {ACM},
title = {{Critter: Augmenting Creative Work with Dynamic Checklists, Automated Quality Assurance, and Contextual Reviewer Feedback}},
year = {2019}
}

@inproceedings{Brooks2014,
author = {Brooks, Michael and Basu, Sumit and Jacobs, Charles and Vanderwende, Lucy},
booktitle = {Learning @ Scale 2014},
keywords = {Author Keywords Grading,Computer uses in education,HCI),K31 Comput-ers and Education,MOOCs,User interfaces ‚Äì Evaluation/methodology,assessment,cluster-ing,grading interfaces,user interfaces},
title = {{Divide and Correct: Using Clusters to Grade Short Answers at Scale}},
year = {2014}
}

@inproceedings{cambre2018juxtapeer,
  title={Juxtapeer: Comparative peer review yields higher quality feedback and promotes deeper reflection},
  author={Cambre, Julia and Klemmer, Scott and Kulkarni, Chinmay},
  booktitle={Proceedings of the 2018 CHI Conference on Human Factors in Computing Systems},
  pages={1--13},
  year={2018}
}

@inproceedings{Fast2013,
author = {Fast, Ethan and Lee, Colleen and Aiken, Alex and Bernstein, Michael S. and Koller, Daphne and Smith, Eric},
booktitle = {Proceedings of the 26th annual ACM symposium on User interface software and technology - UIST '13},
keywords = {formal logic,mooc,online education,theorem prover},
pages = {363--372},
title = {{Crowd-scale interactive formal reasoning and analytics}},
year = {2013}
}

@article{Gibbs,
author = {Gibbs, Graham and Simpson, Claire},
journal = {Learning and Teaching in Higher Education},
number = {1},
title = {{Conditions Under Which Assessment Supports Students' Learning}},
volume = {1},
year = {2004}
}

@inproceedings{Greenberg2015,
author = {Greenberg, Michael D. and Easterday, Matthew W. and Gerber, Elizabeth M.},
booktitle = {Proceedings of the 2015 ACM SIGCHI Conference on Creativity and Cognition - C{\&}C '15},
pages = {235--244},
title = {{Critiki: A Scaffolded Approach to Gathering Design Feedback from Paid Crowdworkers}},
year = {2015}
}

@inproceedings{Hartmann2010,
author = {Hartmann, Bj{\"{o}}rn and MacDougall, Daniel and Brandt, Joel and Klemmer, Scott R.},
booktitle = {Proceedings of the 28th international conference on Human factors in computing systems - CHI '10},
title = {{What would other programmers do: suggesting solutions to error messages}},
year = {2010}
}

@article{Hattie2007,
author = {Hattie, J. and Timperley, H.},
journal = {Review of Educational Research},
keywords = {assessment,feedback,student and teacher learning},
month = {mar},
number = {1},
pages = {81--112},
publisher = {Sage Publications},
title = {{The Power of Feedback}},
volume = {77},
year = {2007}
}

@inproceedings{Head2017,
author = {Head, Andrew and Glassman, Elena and Soares, Gustavo and Suzuki, Ryo and Figueredo, Lucas and Antoni, Loris D '},
booktitle = {ACM Proceedings of Learning at Scale '17},
publisher = {ACM},
title = {{Writing Reusable Code Feedback at Scale with Mixed-Initiative Program Synthesis}},
year = {2017}
}

@inproceedings{hicks2016framing,
  title={Framing feedback: Choosing review environment features that support high quality peer assessment},
  author={Hicks, Catherine M and Pandey, Vineet and Fraser, C Ailie and Klemmer, Scott},
  booktitle={Proceedings of the 2016 CHI Conference on Human Factors in Computing Systems},
  pages={458--469},
  year={2016},
  organization={ACM}
}

@inproceedings{Kaleeswaran2016,
author = {Kaleeswaran, Shalini and Santhiar, Anirudh and Kanade, Aditya and Gulwani, Sumit},
booktitle = {Proceedings of the 2016 24th ACM SIGSOFT International Symposium on Foundations of Software Engineering - FSE 2016},
keywords = {Clustering,Feedback generation,MOOCs,Verification},
pages = {739--750},
title = {{Semi-supervised verified feedback generation}},
year = {2016}
}

@inproceedings{kang2018paragon,
  title={Paragon: An online gallery for enhancing design feedback with visual examples},
  author={Kang, Hyeonsu B and Amoako, Gabriel and Sengupta, Neil and Dow, Steven P},
  booktitle={Proceedings of the 2018 CHI Conference on Human Factors in Computing Systems},
  pages={1--13},
  year={2018}
}

@inproceedings{Krause2017,
author = {Krause, Markus and Garncarz, Tom and Song, Jiaojiao and Gerber, Elizabeth M. and Bailey, Brian P. and Dow, Steven P},
booktitle = {Proceedings of CHI '17},
keywords = {critique,crowdsourcing,expertise,feedback,rubrics},
title = {{Critique Style Guide: Improving Crowdsourced Design Feedback with a Natural Language Model}},
year = {2017}
}

@article{kulkarni2013peer,
  title={Peer and self assessment in massive online classes},
  author={Kulkarni, Chinmay and Wei, Koh Pang and Le, Huy and Chia, Daniel and Papadopoulos, Kathryn and Cheng, Justin and Koller, Daphne and Klemmer, Scott R},
  journal={ACM Transactions on Computer-Human Interaction (TOCHI)},
  volume={20},
  number={6},
  pages={1--31},
  year={2013},
  publisher={ACM New York, NY, USA}
}

@inproceedings{Kulkarni2015,
author = {Kulkarni, Chinmay E. and Bernstein, Michael S. and Klemmer, Scott R.},
booktitle = {Proceedings of the Second (2015) ACM Conference on Learning @ Scale - L@S '15},
pages = {75--84},
title = {{PeerStudio: Rapid Peer Feedback Emphasizes Revision and Improves Performance}},
year = {2015}
}

@inproceedings{Luther2015,
author = {Luther, Kurt and Tolentino, Jari-Lee and Wu, Wei and Pavel, Amy and Bailey, Brian P. and Agrawala, Maneesh and Hartmann, Bj{\"{o}}rn and Dow, Steven P.},
booktitle = {Proceedings of the 18th ACM Conference on Computer Supported Cooperative Work {\&} Social Computing - CSCW '15},
keywords = {critique,crowdsourcing,design,feedback,social computing},
pages = {473--485},
title = {{Structuring, Aggregating, and Evaluating Crowdsourced Design Critique}},
year = {2015}
}

@article{Nelson2009,
author = {Nelson, Melissa M. and Schunn, Christian D.},
journal = {Instructional Science},
month = {jul},
number = {4},
pages = {375--401},
publisher = {Springer Netherlands},
title = {{The nature of feedback: how different types of peer feedback affect writing performance}},
volume = {37},
year = {2009}
}

@inproceedings{ngoon2018interactive,
  title={Interactive guidance techniques for improving creative feedback},
  author={Ngoon, Tricia J and Fraser, C Ailie and Weingarten, Ariel S and Dontcheva, Mira and Klemmer, Scott},
  booktitle={Proceedings of the 2018 CHI Conference on Human Factors in Computing Systems},
  pages={1--11},
  year={2018}
}

@article{Nguyen2014,
author = {Nguyen, Huy V and Litman, Diane J.},
journal = {The 9th Workshop on Innovative Use of NLP for Building Educational Applications},
title = {{Improving Peer Feedback Prediction: The Sentence Level is Right}},
year = {2014}
}

@article{Nguyen2016,
author = {Nguyen, Huy and Xiong, Wenting and Litman, Diane},
journal = {HLT-NAACL Demos},
pages = {6--10},
title = {{Instant Feedback for Increasing the Presence of Solutions in Peer Reviews}},
year = {2016}
}

@article{Nicol2006,
author = {Nicol, David J and Macfarlane-dick, Debra},
doi = {10.1080/03075070600572090},
isbn = {0307507060057},
issn = {0307-5079},
journal = {Studies in Higher Education (2006)},
number = {2},
pages = {199--218},
pmid = {20219070},
title = {{Formative assessment and self-regulated learning : A model and seven principles of good feedback practice . Formative assessment and self-regulated learning : A model and seven principles of good feedback practice .}},
volume = {31},
year = {2006}
}

@inproceedings{Piech2015,
author = {Piech, Chris and Huang, Jonathan and Nguyen, Andy and Phulsuksombati, Mike and Sahami, Mehran and Guibas, Leonidas},
booktitle = {International Conference on Machine Learning (ICML 2015)},
month = {may},
title = {{Learning Program Embeddings to Propagate Feedback on Student Code}},
year = {2015}
}

@article{sadler1989formative,
  title={Formative assessment and the design of instructional systems},
  author={Sadler, D Royce},
  journal={Instructional science},
  volume={18},
  number={2},
  pages={119--144},
  year={1989},
  publisher={Springer}
}

@article{sadler2006impact,
  title={The impact of self-and peer-grading on student learning},
  author={Sadler, Philip M and Good, Eddie},
  journal={Educational assessment},
  volume={11},
  number={1},
  pages={1--31},
  year={2006},
  publisher={Taylor \& Francis}
}

@article{Singh2013,
author = {Singh, Rishabh and Gulwani, Sumit and Solar-Lezama, Armando},
journal = {ACM SIGPLAN Notices},
keywords = {automated grading,computer-aided education,program synthesis},
month = {jun},
number = {6},
title = {{Automated feedback generation for introductory programming assignments}},
volume = {48},
year = {2013}
}

@article{sommers1980revision,
  title={Revision strategies of student writers and experienced adult writers},
  author={Sommers, Nancy},
  journal={College composition and communication},
  volume={31},
  number={4},
  pages={378--388},
  year={1980},
  publisher={JSTOR}
}

@book{Stone2015,
author = {Stone, Douglas and Heen, Sheila},
publisher = {Penguin Books},
title = {{Thanks for the feedback: The science and art of receiving feedback well.}},
year = {2015}
}

@article{Topping1998,
author = {Topping, K.},
journal = {Review of Educational Research},
month = {jan},
number = {3},
pages = {249--276},
publisher = {Sage Publications},
title = {{Peer Assessment Between Students in Colleges and Universities}},
volume = {68},
year = {1998}
}

@article{Tseng2007,
author = {Tseng, Sheng-Chau and Tsai, Chin-Chung},
journal = {Computers {\&} Education},
number = {4},
pages = {1161--1174},
title = {{On-line peer assessment and the role of the peer feedback: A study of high school computer course}},
volume = {49},
year = {2007}
}

@article{Xiong2012,
author = {Xiong, W and Litman, D. and Schunn, C.},
journal = {Journal of Writing Research},
month = {nov},
number = {2},
pages = {155--176},
title = {{Natural Language Processing techniques for researching and improving peer feedback}},
volume = {4},
year = {2012}
}

@inproceedings{Xu2011,
author = {Xu, Anbang and Bailey, Brian P.},
booktitle = {Proceedings of the 2011 annual conference extended abstracts on Human factors in computing systems - CHI EA '11},
keywords = {critique,crowdsourcing,design},
pages = {1183},
publisher = {ACM Press},
title = {{A crowdsourcing model for receiving design critique}},
year = {2011}
}

@inproceedings{Xu2015,
author = {Xu, Anbang and Rao, Huaming and Dow, Steven P. and Bailey, Brian P.},
booktitle = {Proceedings of the 18th ACM Conference on Computer Supported Cooperative Work {\&} Social Computing - CSCW '15},
keywords = {creativity,crowd feedback,crowdsourcing,design iteration,visual design},
pages = {1637--1648},
title = {{A Classroom Study of Using Crowd Feedback in the Iterative Design Process}},
year = {2015}
}

@inproceedings{yen2017,
  title={Listen to others, listen to yourself: Combining feedback review and reflection to improve iterative design},
  author={Yen, Yu-Chun Grace and Dow, Steven P and Gerber, Elizabeth and Bailey, Brian P},
  booktitle={Proceedings of the 2017 ACM SIGCHI Conference on Creativity and Cognition},
  pages={158--170},
  year={2017}
}

@inproceedings{yen2020,
  title={Decipher: An Interactive Visualization Tool for Interpreting Unstructured Design Feedback from Multiple Providers},
  author={Yen, Yu-Chun Grace and Kim, Joy O and Bailey, Brian P},
  booktitle={Proceedings of the 2020 CHI Conference on Human Factors in Computing Systems},
  pages={1--13},
  year={2020}
}

@inproceedings{Yoon,
  title={RichReview++ Deployment of a Collaborative Multi-modal Annotation System for Instructor Feedback and Peer Discussion},
  author={Yoon, Dongwook and Chen, Nicholas and Randles, Bernie and Cheatle, Amy and L{\"o}ckenhoff, Corinna E and Jackson, Steven J and Sellen, Abigail and Guimbreti{\`e}re, Fran{\c{c}}ois},
  booktitle={Proceedings of the 19th ACM Conference on Computer-Supported Cooperative Work \& Social Computing},
  pages={195--205},
  year={2016}
}

@inproceedings{yuan2016,
  title={Almost an expert: The effects of rubrics and expertise on perceived value of crowdsourced design critiques},
  author={Yuan, Alvin and Luther, Kurt and Krause, Markus and Vennix, Sophie Isabel and Dow, Steven P and Hartmann, Bjorn},
  booktitle={Proceedings of the 19th ACM Conference on Computer-Supported Cooperative Work \& Social Computing},
  pages={1005--1017},
  year={2016}
}

###GENERAL CREATIVITY-SUPPORT TOOLS###
@inproceedings{Bly1988,
author = {Bly, Sara A.},
booktitle = {Proceedings of the 1988 ACM Conference on Computer-Supported Cooperative Work, CSCW 1988},
doi = {10.1145/62266.62286},
isbn = {0897912829},
month = {jan},
pages = {250--256},
publisher = {Association for Computing Machinery, Inc},
title = {{A use of drawing surfaces in different collaborative settings}},
year = {1988}
}

@article{cao2012automatic,
  title={Automatic stylistic manga layout},
  author={Cao, Ying and Chan, Antoni B and Lau, Rynson WH},
  journal={ACM Transactions on Graphics (TOG)},
  volume={31},
  number={6},
  pages={1--10},
  year={2012},
  publisher={ACM New York, NY, USA}
}

@inproceedings{chi2012mixt,
  title={MixT: automatic generation of step-by-step mixed media tutorials},
  author={Chi, Pei-Yu and Ahn, Sally and Ren, Amanda and Dontcheva, Mira and Li, Wilmot and Hartmann, Bj{\"o}rn},
  booktitle={Proceedings of the 25th annual ACM symposium on User interface software and technology},
  pages={93--102},
  year={2012}
}

@inproceedings{jane2020adaptive,
  title={Adaptive Photographic Composition Guidance.},
  author={Jane, LE and Fried, Ohad and Lu, Jingwan and Zhang, Jianming and Mech, Radom{\'\i}r and Echevarria, Jose and Hanrahan, Pat and Landay, James A},
  booktitle={CHI},
  pages={1--13},
  year={2020}
}

@inproceedings{Fan2019,
author = {Fan, Judith E. and Dinculescu, Monica and Ha, David},
booktitle = {C and C 2019 - Proceedings of the 2019 Creativity and Cognition},
doi = {10.1145/3325480.3326578},
isbn = {9781450359177},
keywords = {Artificial intelligence,Cooperation,Drawing},
month = {jun},
pages = {556--561},
publisher = {Association for Computing Machinery, Inc},
title = {{Collabdraw: An environment for collaborative sketching with an artificial agent}},
year = {2019}
}

@inproceedings{fraser2019replay,
  title={RePlay: contextually presenting learning videos across software applications},
  author={Fraser, C Ailie and Ngoon, Tricia J and Dontcheva, Mira and Klemmer, Scott},
  booktitle={Proceedings of the 2019 CHI Conference on Human Factors in Computing Systems},
  pages={1--13},
  year={2019}
}

@inproceedings{fraser2020remap,
  title={ReMap: Lowering the Barrier to Help-Seeking with Multimodal Search},
  author={Fraser, C Ailie and Markel, Julia M and Basa, N James and Dontcheva, Mira and Klemmer, Scott},
  booktitle={Proceedings of the 33rd Annual ACM Symposium on User Interface Software and Technology},
  pages={979--986},
  year={2020}
}

@article{Glassman2015,
author = {Glassman, Elena L. and Scott, Jeremy and Singh, Rishabh and Guo, Philip J. and Miller, Robert C.},
journal = {ACM Transactions on Computer-Human Interaction},
month = {mar},
number = {2},
pages = {1--35},
title = {{OverCode: Visualizing Variation in Student Solutions to Programming Problems at Scale}},
volume = {22},
year = {2015}
}

@inproceedings{guo2011proactive,
  title={Proactive wrangling: Mixed-initiative end-user programming of data transformation scripts},
  author={Guo, Philip J and Kandel, Sean and Hellerstein, Joseph M and Heer, Jeffrey},
  booktitle={Proceedings of the 24th annual ACM symposium on User interface software and technology},
  pages={65--74},
  year={2011}
}

@inproceedings{Huang2019,
  title={Sketchforme: Composing sketched scenes from text descriptions for interactive applications},
  author={Huang, Forrest and Canny, John F},
  booktitle={Proceedings of the 32nd Annual ACM Symposium on User Interface Software and Technology},
  pages={209--220},
  year={2019}
}

@article{Iarussi,
author = {Iarussi, Emmanuel and Bousseau, Adrien and Tsandilas, Theophanis and Inria, Reves / and Antipolis, Sophia},
doi = {10.1145/2501988.2501997},
isbn = {9781450322683},
title = {{The Drawing Assistant: Automated Drawing Guidance and Feedback from Photographs}},
year = {2013}
}

@inproceedings{Ishii1992,
author = {Ishii, Hiroshi and Kobayashi, Minoru},
booktitle = {Proceedings of the SIGCHI conference on Human factors in computing systems},
title = {{ClearBoard: A Seamless Medium for Shared Drawing and Conversation with Eye Contact}},
year = {1992}
}

@inproceedings{kandel2011wrangler,
  title={Wrangler: Interactive visual specification of data transformation scripts},
  author={Kandel, Sean and Paepcke, Andreas and Hellerstein, Joseph and Heer, Jeffrey},
  booktitle={Proceedings of the SIGCHI Conference on Human Factors in Computing Systems},
  pages={3363--3372},
  year={2011}
}

@article{Kim,
author = {Kim, Joy and Dontcheva, Mira and Li, Wilmot and Bernstein, Michael S and Steinsapir, Daniela},
doi = {10.1145/2702123.2702507},
isbn = {9781450331456},
keywords = {SIGCHI,archival format,proceedings},
title = {{Motif: Supporting Novice Creativity through Expert Patterns}},
url = {http://dx.doi.org/10.1145/2702123.2702507},
year = {2015}
}

@inproceedings{Kima,
  title={Crowdsourcing step-by-step information extraction to enhance existing how-to videos},
  author={Kim, Juho and Nguyen, Phu Tran and Weir, Sarah and Guo, Philip J and Miller, Robert C and Gajos, Krzysztof Z},
  booktitle={Proceedings of the SIGCHI conference on human factors in computing systems},
  pages={4017--4026},
  year={2014}
}

@inproceedings{klemmer2001designers,
  title={The designers' outpost: a tangible interface for collaborative web site},
  author={Klemmer, Scott R and Newman, Mark W and Farrell, Ryan and Bilezikjian, Mark and Landay, James A},
  booktitle={Proceedings of the 14th annual ACM symposium on User interface software and technology},
  pages={1--10},
  year={2001}
}

@inproceedings{koch2020semanticcollage,
  title={SemanticCollage: Enriching Digital Mood Board Design with Semantic Labels},
  author={Koch, Janin and Taffin, Nicolas and Lucero, Andr{\'e}s and Mackay, Wendy E},
  booktitle={Proceedings of the 2020 ACM Designing Interactive Systems Conference},
  pages={407--418},
  year={2020}
}

@inproceedings{Landay1996,
author = {Landay, James A.},
booktitle = {Conference companion on Human factors in computing systems},
publisher = {ACM},
title = {{SILK: Sketching Interfaces}},
year = {1996}
}

@inproceedings{laput2013pixeltone,
  title={Pixeltone: A multimodal interface for image editing},
  author={Laput, Gierad P and Dontcheva, Mira and Wilensky, Gregg and Chang, Walter and Agarwala, Aseem and Linder, Jason and Adar, Eytan},
  booktitle={Proceedings of the SIGCHI Conference on Human Factors in Computing Systems},
  pages={2185--2194},
  year={2013}
}

@article{li2011design,
  title={Design and evaluation of a command recommendation system for software applications},
  author={Li, Wei and Matejka, Justin and Grossman, Tovi and Konstan, Joseph A and Fitzmaurice, George},
  journal={ACM Transactions on Computer-Human Interaction (TOCHI)},
  volume={18},
  number={2},
  pages={1--35},
  year={2011},
  publisher={ACM New York, NY, USA}
}

@inproceedings{lin2000denim,
  title={DENIM: Finding a tighter fit between tools and practice for web site design},
  author={Lin, James and Newman, Mark W and Hong, Jason I and Landay, James A},
  booktitle={Proceedings of the SIGCHI conference on Human factors in computing systems},
  pages={510--517},
  year={2000}
}

@inproceedings{matejka2009communitycommands,
  title={CommunityCommands: command recommendations for software applications},
  author={Matejka, Justin and Li, Wei and Grossman, Tovi and Fitzmaurice, George},
  booktitle={Proceedings of the 22nd annual ACM symposium on User interface software and technology},
  pages={193--202},
  year={2009}
}

@inproceedings{matejka2011ambient,
  title={Ambient help},
  author={Matejka, Justin and Grossman, Tovi and Fitzmaurice, George},
  booktitle={Proceedings of the SIGCHI Conference on Human Factors in Computing Systems},
  pages={2751--2760},
  year={2011}
}

@article{Satyanarayan2014,
author = {Satyanarayan, Arvind and Heer, Jeffrey},
doi = {10.1111/cgf.12392},
issn = {01677055},
journal = {Computer Graphics Forum},
month = {jun},
number = {3},
pages = {361--370},
publisher = {Blackwell Publishing Ltd},
title = {{Authoring Narrative Visualizations with Ellipsis}},
volume = {33},
year = {2014}
}

@techreport{YashrajSingh2016,
author = {{Yashraj Singh}, Kunwar and Magerko, Brian},
keywords = {Research Papers},
title = {{Co-Creative Drawing Agent with Object Recognition}},
url = {www.aaai.org},
year = {2016}
}

@inproceedings{Tang1990,
author = {Tang, John C. and Minneman, Scott L.},
booktitle = {Conference on Human Factors in Computing Systems - Proceedings},
doi = {10.1145/97243.97302},
isbn = {0201509326},
keywords = {Collaborative systems,Design process,Gesture,User interface,Video,Work practice analysis},
month = {mar},
pages = {313--320},
publisher = {Association for Computing Machinery},
title = {{Videodraw: A Video interface for collaborative drawing}},
year = {1990}
}

@inproceedings{terry2002side,
  title={Side views: persistent, on-demand previews for open-ended tasks},
  author={Terry, Michael and Mynatt, Elizabeth D},
  booktitle={Proceedings of the 15th annual ACM symposium on User interface software and technology},
  pages={71--80},
  year={2002}
}

@article{walny2012understanding,
  title={Understanding pen and touch interaction for data exploration on interactive whiteboards},
  author={Walny, Jagoda and Lee, Bongshin and Johns, Paul and Riche, Nathalie Henry and Carpendale, Sheelagh},
  journal={IEEE Transactions on Visualization and Computer Graphics},
  volume={18},
  number={12},
  pages={2779--2788},
  year={2012},
  publisher={IEEE}
}

@article{Willett,
author = {Willett, W. and Heer, J. and Agrawala, M.},
journal = {IEEE Transactions on Visualization and Computer Graphics},
keywords = {Information visualization,information foraging,social data analysis,social navigation,user interface toolkits},
month = {nov},
number = {6},
pages = {1129--1136},
publisher = {IEEE Educational Activities Department},
title = {{Scented Widgets: Improving Navigation Cues with Embedded Visualizations}},
volume = {13},
year = {2007}
}

@inproceedings{willett2011commentspace,
  title={CommentSpace: structured support for collaborative visual analysis},
  author={Willett, Wesley and Heer, Jeffrey and Hellerstein, Joseph and Agrawala, Maneesh},
  booktitle={Proceedings of the SIGCHI conference on Human Factors in Computing Systems},
  pages={3131--3140},
  year={2011}
}

@inproceedings{Williford2019,
address = {New York, NY, USA},
author = {Williford, Blake and Doke, Abhay and Pahud, Michel and Hinckley, Ken and Hammond, Tracy},
booktitle = {C and C 2019 - Proceedings of the 2019 Creativity and Cognition},
doi = {10.1145/3325480.3325507},
isbn = {9781450359177},
keywords = {Art education,Creativity support,Drawing,Human-computer interaction,Image processing,Sketch recognition,Sketching,User experience design},
month = {jun},
pages = {198--209},
publisher = {Association for Computing Machinery, Inc},
title = {{DrawMyPhoto: Assisting novices in drawing from photographs}},
year = {2019}
}

###INTERACTIVE CREATIVITY SUPPORT###
@inproceedings{Amershi,
  title={Guidelines for human-AI interaction},
  author={Amershi, Saleema and Weld, Dan and Vorvoreanu, Mihaela and Fourney, Adam and Nushi, Besmira and Collisson, Penny and Suh, Jina and Iqbal, Shamsi and Bennett, Paul N and Inkpen, Kori and others},
  booktitle={Proceedings of the 2019 chi conference on human factors in computing systems},
  pages={1--13},
  year={2019}
}

@article{barnes2009patchmatch,
  title={PatchMatch: A randomized correspondence algorithm for structural image editing},
  author={Barnes, Connelly and Shechtman, Eli and Finkelstein, Adam and Goldman, Dan B},
  journal={ACM Transactions on Graphics},
  volume={28},
  number={3},
  pages={24},
  year={2009}
}

@inproceedings{Davis2016,
author = {Davis, Nicholas and Hsiao, Chih-Pin and {Yashraj Singh}, Kunwar and Li, Lisa and Magerko, Brian},
booktitle = {Proceedings of the 21st ACM International Conference on Intelligent User Interfaces},
doi = {10.1145/2856767.2856795},
isbn = {9781450341370},
keywords = {Author's kit,Conference Publications,Guides,instructions},
title = {{Empirically Studying Participatory Sense-Making in Abstract Drawing with a Co-Creative Cognitive Agent}},
year = {2016}
}

@inproceedings{engelbart1968research,
  title={A research center for augmenting human intellect},
  author={Engelbart, Douglas C and English, William K},
  booktitle={Proceedings of the December 9-11, 1968, fall joint computer conference, part I},
  pages={395--410},
  year={1968}
}

@article{Faas2018,
author = {Faas, Travis and Dombrowski, Lynn and Young, Alyson and Miller, Andrew D.},
doi = {10.1145/3274319},
issn = {25730142},
journal = {Proceedings of the ACM on Human-Computer Interaction},
keywords = {CSCL,Communities of practice,Live coding,Live streaming,Mentoring,Twitch},
month = {nov},
number = {CSCW},
publisher = {Association for Computing Machinery},
title = {{Watch me code: Programming mentorship communities on Twitch.tv}},
volume = {2},
year = {2018}
}

@inproceedings{forlizzi2004understanding,
  title={Understanding experience in interactive systems},
  author={Forlizzi, Jodi and Battarbee, Katja},
  booktitle={Proceedings of the 5th conference on Designing interactive systems: processes, practices, methods, and techniques},
  pages={261--268},
  year={2004}
}

@inproceedings{Fraser2019,
author = {Fraser, C. Ailie and Kim, Joy O. and Thornsberry, Alison and Klemmer, Scott and Dontcheva, Mira},
booktitle = {Proceedings of the 2019 Creativity and Cognition},
doi = {10.1145/3325480.3325485},
isbn = {9781450359177},
keywords = {Creativity,Livestreaming,Online video},
month = {jun},
pages = {144--155},
publisher = {Association for Computing Machinery, Inc},
title = {{Sharing the studio: How creative livestreaming can inspire, educate, and engage}},
year = {2019}
}

@inproceedings{Haimson2017,
booktitle = {Conference on Human Factors in Computing Systems - Proceedings},
doi = {10.1145/3025453.3025642},
isbn = {9781450346559},
keywords = {Events,Facebook live,Live streams,Periscope,Snapchat,Social media,User engagement,Video},
month = {may},
pages = {48--60},
publisher = {Association for Computing Machinery},
title = {{What makes live events engaging on Facebook Live, Periscope, and Snapchat}},
volume = {2017-May},
year = {2017}
}

@book{hearst2009search,
  title={Search user interfaces},
  author={Hearst, Marti},
  year={2009},
  publisher={Cambridge university press}
}

@article{hearst2011natural,
  title={'Natural'search user interfaces},
  author={Hearst, Marti A},
  journal={Communications of the ACM},
  volume={54},
  number={11},
  pages={60--67},
  year={2011},
  publisher={ACM New York, NY, USA}
}

@article{Heer2019,
  title={Agency plus automation: Designing artificial intelligence into interactive systems},
  author={Heer, Jeffrey},
  journal={Proceedings of the National Academy of Sciences},
  volume={116},
  number={6},
  pages={1844--1850},
  year={2019},
  publisher={National Academy of Sciences}
}

@inproceedings{hertzmann2018can,
  title={Can computers create art?},
  author={Hertzmann, Aaron},
  booktitle={Arts},
  volume={7},
  number={2},
  pages={18},
  year={2018},
  organization={Multidisciplinary Digital Publishing Institute}
}

@inproceedings{Hollan1992,
author = {Hollan, Jim and Stornetta, Scott},
booktitle = {Proceedings of the SIGCHI conference on Human factors in computing systems},
keywords = {CSCW,Telecommunications},
pages = {3--7},
title = {{Beyond Being There}},
volume = {92},
year = {1992}
}

@inproceedings{Jackson,
  title={The design of guided learner-adaptable scaffolding in interactive learning environments},
  author={Jackson, Shari L and Krajcik, Joseph and Soloway, Elliot},
  booktitle={Proceedings of the SIGCHI conference on Human factors in computing systems},
  pages={187--194},
  year={1998}
}

@article{Kirsh2013,
author = {Kirsh, David},
journal = {ACM Transactions on Computer-Human Interaction},
number = {1},
title = {{Embodied Cognition and the Magical Future}},
volume = {20},
year = {2013}
}

@inproceedings{maher2010evaluating,
  title={Evaluating creativity in humans, computers, and collectively intelligent systems},
  author={Maher, Mary Lou},
  booktitle={Proceedings of the 1st DESIRE Network Conference on Creativity and Innovation in Design},
  pages={22--28},
  year={2010}
}

@inproceedings{Mai2017,
author = {Mai, Long and Jin, Hailin and Lin, Zhe and Fang, Chen and Brandt, Jonathan and Liu, Feng},
booktitle = {Proceedings of the IEEE Conference on Computer Vision and Pattern Recognition},
title = {{Spatial-Semantic Image Search by Visual Feature Synthesis}},
year = {2017}
}

@incollection{Mayfield2013,
address = {New York},
author = {Mayfield, Elijah and Rose, Carolyn Penstein},
booktitle = {Handbook of Automated Essay Evaluation: Current Applications and New Directions},
chapter = {8},
editor = {Shermis, Mark D. and Burstein, Jill},
pages = {384},
publisher = {Routledge},
title = {{LightSIDE: Open Source Machine Learning for Text}},
year = {2013}
}

@article{Oh2018,
author = {Oh, Changhoon and Song, Jungwoo and Choi, Jinhan and Kim, Seonghyeon and Lee, Sungwoo and Suh, Bongwon},
doi = {10.1145/3173574.3174223},
isbn = {9781450356206},
keywords = {Authors' choice,by semicolons,include commas,of terms,required.,separated,within terms only},
title = {{I Lead, You Help But Only with Enough Details: Understanding the User Experience of Co-Creation with Artificial Intelligence}},
year = {2018}
}

@article{olson2000distance,
  title={Distance matters},
  author={Olson, Gary M and Olson, Judith S},
  journal={Human--computer interaction},
  volume={15},
  number={2-3},
  pages={139--178},
  year={2000},
  publisher={Taylor \& Francis}
}

@article{shneiderman2002creativity,
  title={Creativity support tools},
  author={Shneiderman, Ben},
  journal={Communications of the ACM},
  volume={45},
  number={10},
  pages={116--120},
  year={2002},
  publisher={ACM New York, NY, USA}
}

@article{shneiderman2002promoting,
  title={Promoting universal usability with multi-layer interface design},
  author={Shneiderman, Ben},
  journal={ACM SIGCAPH Computers and the Physically Handicapped},
  number={73-74},
  pages={1--8},
  year={2002},
  publisher={ACM New York, NY, USA}
}

@inproceedings{song2018contextual,
  title={Contextual-based image inpainting: Infer, match, and translate},
  author={Song, Yuhang and Yang, Chao and Lin, Zhe and Liu, Xiaofeng and Huang, Qin and Li, Hao and Kuo, C-C Jay},
  booktitle={Proceedings of the European Conference on Computer Vision (ECCV)},
  pages={3--19},
  year={2018}
}

@inproceedings{willett2012strategies,
  title={Strategies for crowdsourcing social data analysis},
  author={Willett, Wesley and Heer, Jeffrey and Agrawala, Maneesh},
  booktitle={Proceedings of the SIGCHI Conference on Human Factors in Computing Systems},
  pages={227--236},
  year={2012}
}

@article{yuan2013moocs,
  title={MOOCs and open education: Implications for higher education},
  author={Yuan, Li and Powell, SJ},
  year={2013},
  publisher={Cetis}
}

###SITE CITATIONS###
@misc{fabricjs,
title = {{Fabric.js}},
url={http://fabricjs.com/},
}

@misc{Gradescope,
title = {{Gradescope}},
url = {https://gradescope.com},
year = {2017}
}

@misc{hitrecord,
title = {{HitRecord}},
}

@misc{Kawashima2008,
author = {Kawashima, Takashi and Koblin, Aaron},
doi = {10.1145/1504229.1504239},
pages = {18},
title = {{Ten Thousand Cents}},
year = {2008}
}

@misc{Klemmer2016,
author = {Klemmer, Scott},
title = {{Postcards from the future | Scott Klemmer | TEDxSanDiego - YouTube}},
url = {https://www.youtube.com/watch?v=KY{\_}W1JgX6YA},
year = {2016}
}

@misc{Koblin2009,
author = {Koblin, Aaron Michael},
doi = {10.1145/1640233.1640348},
pages = {451},
title = {{The sheep market}},
year = {2009}
}

@ONLINE {julianmcauley2017,
    author = "Julian McAuley",
    title  = "CSE 258: Web Mining and Recommender Systems",
    month  = "jan",
    year   = "2017",
    url    = "https://cseweb.ucsd.edu/classes/wi17/cse258-a/"
}

@misc{swarm,
title = {{Swarm Sketch}},
url = {http://swarmsketch.com/}
}

@misc{TheJohnnyCashProject2012,
author = {{The Johnny Cash Project}},
title = {{the Johnny Cash Project}},
url = {http://www.thejohnnycashproject.com/{\#}/about},
year = {2012}
}

@misc{Turnitin,
title = {{Turnitin Feedback Studio}},
url = {http://turnitin.com/en{\_}us/what-we-offer/feedback-studio},
year = {2017}
}